<?xml version="1.0" encoding="UTF-8"?>
<?xml-stylesheet type="text/xsl" href="https://www.revistas.usp.br/lib/pkp/xml/oai2.xsl" ?>
<OAI-PMH xmlns="http://www.openarchives.org/OAI/2.0/" xmlns:xsi="http://www.w3.org/2001/XMLSchema-instance" xsi:schemaLocation="http://www.openarchives.org/OAI/2.0/ http://www.openarchives.org/OAI/2.0/OAI-PMH.xsd">
<responseDate>2023-08-07T14:50:05Z</responseDate>
<request verb="ListRecords" metadataPrefix="marcxml" set="actafisiatrica">https://www.revistas.usp.br/actafisiatrica/oai</request>
<ListRecords>
<record>
<header>
<identifier>oai:revistas.usp.br:article/103003</identifier>
<datestamp>2019-11-29T22:02:46Z</datestamp>
<setSpec>actafisiatrica:Art.+Rev.</setSpec>
<setSpec>driver</setSpec>
</header>
<metadata>
<record xmlns="http://www.loc.gov/MARC21/slim" xmlns:xsi="http://www.w3.org/2001/XMLSchema-instance" xsi:schemaLocation="http://www.loc.gov/MARC21/slim http://www.loc.gov/standards/marcxml/schema/MARC21slim.xsd">
<leader>     nmb a2200000Iu 4500</leader>
<controlfield tag="008">"081209 2008                        eng  "</controlfield>
<datafield tag="022" ind1="#" ind2="#">
<subfield code="$a">2317-0190</subfield>
</datafield>
<datafield tag="022" ind1="#" ind2="#">
<subfield code="$a">0104-7795</subfield>
</datafield>
<datafield tag="042" ind1=" " ind2=" ">
<subfield code="a">dc</subfield>
</datafield>
<datafield tag="245" ind1="0" ind2="0">
<subfield code="a">A influência do fortalecimento muscular no desempenho motor do membro superior parético de indivíduos acometidos por acidente vascular encefálico</subfield>
</datafield>  <datafield tag="720" ind1="1" ind2=" ">
<subfield code="a">Moraes, Geraldo Fabiano de Souza</subfield>
<subfield code="u">Centro Universitário Newton Paiva</subfield></datafield>
<datafield tag="720" ind1="1" ind2=" ">
<subfield code="a">Nascimento, Lucas Rodrigues</subfield>
<subfield code="u">Universidade Federal dos Vales do Jequitinhonha e Mucuri</subfield><subfield code="0">https://orcid.org/0000-0002-6792-0819</subfield></datafield>
<datafield tag="720" ind1="1" ind2=" ">
<subfield code="a">Glória, Adam Edwards</subfield>
</datafield>
<datafield tag="720" ind1="1" ind2=" ">
<subfield code="a">Teixeira-Salmela, Luci Fuscaldi</subfield>
<subfield code="u">Universidade Federal de Minas Gerais - UFMG</subfield><subfield code="0">https://orcid.org/0000-0001-8358-8636</subfield></datafield>
<datafield tag="720" ind1="1" ind2=" ">
<subfield code="a">Paiva, Célia Maria Rocha e</subfield>
</datafield>
<datafield tag="720" ind1="1" ind2=" ">
<subfield code="a">Lopes, Thiago de Arruda Teixeira</subfield>
</datafield>
<datafield tag="720" ind1="1" ind2=" ">
<subfield code="a">Pereira, Shelley Caroline</subfield>
</datafield>
<datafield tag="720" ind1="1" ind2=" ">
<subfield code="a">Oliveira, Daniela Matos Garcia de</subfield>
<subfield code="u">Centro Universitário Newton Paiva</subfield></datafield>
<datafield tag="720" ind1="1" ind2=" ">
<subfield code="a">Souza, Aline Cristina de</subfield>
<subfield code="u">Centro Universitário Newton Paiva</subfield></datafield>
<datafield tag="720" ind1="1" ind2=" ">
<subfield code="a">Oliveira, Edênia Santos Garcia de</subfield>
<subfield code="u">Centro Universitário Newton Paiva</subfield></datafield>
<datafield tag="520" ind1=" " ind2=" ">
<subfield code="a"> Após o acidente vascular encefálico, mais de 80% dos sobreviventes apresentam hemiparesia e a fraqueza muscular é citada como uma importante deficiência responsável pela redução do uso funcional do membro superior parético. Nesse contexto, evidências científicas sugerem o treinamento resistido como um importante componente dos programas de reabilitação. Estudos relacionados à recuperação destes indivíduos apresentam fundamentação que apóia a utilização do treinamento resistido para a recuperação da função do membro superior parético. Entretanto, esta modalidade de treinamento pode não resultar em benefícios para todos os indivíduos hemiparéticos e seus efeitos estariam condicionados ao nível de acometimento inicial do indivíduo. Ainda não há resultados conclusivos sobre a influência do fortalecimento muscular no desempenho motor do membro superior parético, o que sugere a aplicação do treinamento resistido como intervenção terapêutica complementar à reabilitação funcional. O objetivo deste estudo foi analisar, por meio de revisão bibliográfica, a influência do fortalecimento muscular no desempenho motor dos membros superiores de indivíduos. </subfield>
</datafield>
<datafield tag="260" ind1=" " ind2=" ">
<subfield code="b">Faculdade de Medicina, Universidade de São Paulo</subfield>
</datafield>
<dataField tag="260" ind1=" " ind2=" ">
<subfield code="c">2008-12-09 00:00:00</subfield>
</dataField>   <datafield tag="856" ind1=" " ind2=" ">
<subfield code="q">application/pdf</subfield>
</datafield>
<datafield tag="856" ind1="4" ind2="0">
<subfield code="u">https://www.revistas.usp.br/actafisiatrica/article/view/103003</subfield>
</datafield>  <datafield tag="786" ind1="0" ind2=" ">
<subfield code="n">Acta Fisiátrica; v. 15 n. 4 (2008)</subfield>
</datafield>  <datafield tag="546" ind1=" " ind2=" ">
<subfield code="a">por</subfield>
</datafield>   <datafield tag="540" ind1=" " ind2=" ">
<subfield code="a">Copyright (c) 2008 Acta Fisiátrica</subfield>
</datafield>
</record>
</metadata>
</record>