
<record>
<header>
<identifier>oai:revistas.usp.br:article/103005</identifier>
<datestamp>2019-11-26T19:24:08Z</datestamp>
<setSpec>actafisiatrica:Art.+Rev.</setSpec>
<setSpec>driver</setSpec>
</header>
<metadata>
<record xmlns="http://www.loc.gov/MARC21/slim" xmlns:xsi="http://www.w3.org/2001/XMLSchema-instance" xsi:schemaLocation="http://www.loc.gov/MARC21/slim http://www.loc.gov/standards/marcxml/schema/MARC21slim.xsd">
<leader>     nmb a2200000Iu 4500</leader>
<controlfield tag="008">"081209 2008                        eng  "</controlfield>
<datafield tag="022" ind1="#" ind2="#">
<subfield code="$a">2317-0190</subfield>
</datafield>
<datafield tag="022" ind1="#" ind2="#">
<subfield code="$a">0104-7795</subfield>
</datafield>
<datafield tag="042" ind1=" " ind2=" ">
<subfield code="a">dc</subfield>
</datafield>
<datafield tag="245" ind1="0" ind2="0">
<subfield code="a">Capacidade funcional do idoso: formas de avaliação e tendências</subfield>
</datafield>  <datafield tag="720" ind1="1" ind2=" ">
<subfield code="a">Camara, Fabiano Marques</subfield>
<subfield code="u">Faculdades Integradas Metropolitanas de Campinas</subfield></datafield>
<datafield tag="720" ind1="1" ind2=" ">
<subfield code="a">Gerez, Alessandra Galve</subfield>
<subfield code="u">Centro Universitário FIEO</subfield></datafield>
<datafield tag="720" ind1="1" ind2=" ">
<subfield code="a">Miranda, Maria Luiza de Jesus</subfield>
<subfield code="u">Universidade São Judas Tadeu</subfield></datafield>
<datafield tag="720" ind1="1" ind2=" ">
<subfield code="a">Velardi, Marilia</subfield>
<subfield code="u">Universidade São Judas Tadeu</subfield></datafield>
<datafield tag="520" ind1=" " ind2=" ">
<subfield code="a"> A avaliação da capacidade funcional (CF) dos idosos pode detectar possível risco de dependência futura, estabelecer níveis de morbidade de mortalidade, além de poder balizar intervenções direcionadas aos idosos. Dessa forma, o objetivo desse estudo foi, através de uma pesquisa bibliográfica, identificar os testes mais utilizados e o potencial de cada prova para identificação do nível de CF do idoso. O exame da literatura mostrou que CF tem sido determinada em abordagens gerais, que objetivam traçar o perfil funcional através de um único teste, como as propostas dos testes caminhada e de mobilidade. Por outro lado, pode-se determinar a CF mediante a avaliação de componentes específicos como os testes de equilíbrio, força e marcha. Geralmente, as propostas descritas seguem a idéia de que uma ação funcional, realizada de maneira mais rápida, remete ao potencial funcional do idoso. No entanto, mediante as limitações das quantificações apontadas pelos estudos, observou-se a tendência da avaliação funcional em utilizar analises qualitativas, que objetivam determinar o padrão de movimento, como uma outra via da compreensão da CF do idoso. Além disso, notou-se que a avaliação da CF tem sido indicada e desenvolvida também para aqueles que não apresentam comprometimento funcional aparente e não somente para os idosos evidentemente mais frágeis. </subfield>
</datafield>
<datafield tag="260" ind1=" " ind2=" ">
<subfield code="b">Faculdade de Medicina, Universidade de São Paulo</subfield>
</datafield>
<dataField tag="260" ind1=" " ind2=" ">
<subfield code="c">2008-12-09 00:00:00</subfield>
</dataField>   <datafield tag="856" ind1=" " ind2=" ">
<subfield code="q">application/pdf</subfield>
</datafield>
<datafield tag="856" ind1="4" ind2="0">
<subfield code="u">https://www.revistas.usp.br/actafisiatrica/article/view/103005</subfield>
</datafield>  <datafield tag="786" ind1="0" ind2=" ">
<subfield code="n">Acta Fisiátrica; v. 15 n. 4 (2008)</subfield>
</datafield>  <datafield tag="546" ind1=" " ind2=" ">
<subfield code="a">por</subfield>
</datafield>   <datafield tag="540" ind1=" " ind2=" ">
<subfield code="a">Copyright (c) 2008 Acta Fisiátrica</subfield>
</datafield>
</record>
</metadata>
</record>