
<record>
<header>
<identifier>oai:revistas.usp.br:article/103010</identifier>
<datestamp>2019-11-26T16:47:13Z</datestamp>
<setSpec>actafisiatrica:Rel.+Caso</setSpec>
<setSpec>driver</setSpec>
</header>
<metadata>
<record xmlns="http://www.loc.gov/MARC21/slim" xmlns:xsi="http://www.w3.org/2001/XMLSchema-instance" xsi:schemaLocation="http://www.loc.gov/MARC21/slim http://www.loc.gov/standards/marcxml/schema/MARC21slim.xsd">
<leader>     nmb a2200000Iu 4500</leader>
<controlfield tag="008">"081209 2008                        eng  "</controlfield>
<datafield tag="022" ind1="#" ind2="#">
<subfield code="$a">2317-0190</subfield>
</datafield>
<datafield tag="022" ind1="#" ind2="#">
<subfield code="$a">0104-7795</subfield>
</datafield>
<datafield tag="042" ind1=" " ind2=" ">
<subfield code="a">dc</subfield>
</datafield>
<datafield tag="245" ind1="0" ind2="0">
<subfield code="a">Análise da eficiência do treinamento com dinamômetro isocinético no desempenho muscular dos dorsiflexores de um paciente hemiparético espástico, após infiltração de Toxina Botulínica Tipo A: estudo de caso</subfield>
</datafield>  <datafield tag="720" ind1="1" ind2=" ">
<subfield code="a">Pirré, Gemal Emanue</subfield>
<subfield code="u">Universidade de São Paulo. Faculdade de Medicina</subfield></datafield>
<datafield tag="720" ind1="1" ind2=" ">
<subfield code="a">Rodini, Carolina</subfield>
<subfield code="u">Universidade de São Paulo. Faculdade de Medicina</subfield></datafield>
<datafield tag="720" ind1="1" ind2=" ">
<subfield code="a">Ferreira, Luana Talita Diniz</subfield>
<subfield code="u">Universidade de São Paulo. Faculdade de Medicina</subfield></datafield>
<datafield tag="720" ind1="1" ind2=" ">
<subfield code="a">Vasconcelos, Jeane Peixoto Cintra</subfield>
<subfield code="u">Universidade de São Paulo. Faculdade de Medicina</subfield></datafield>
<datafield tag="720" ind1="1" ind2=" ">
<subfield code="a">Moreira, Maria Cecília dos Santos</subfield>
<subfield code="u">Universidade de São Paulo. Faculdade de Medicina</subfield></datafield>
<datafield tag="520" ind1=" " ind2=" ">
<subfield code="a"> O acidente vascular encefálico (AVE) encontra-se como um dos principais problemas de saúde em todo mundo, tornando-se Brasil responsável por 17% dos casos de doenças cardiovasculares. A toxina botulínica tipo A (TBA) além de proporcionar um relaxamento da musculatura espástica, promove possibilidade de reajuste de um padrão funcional e associado a isso está a utilização do dinamômetro isocinético, o qual possibilita após algumas sessões, redução da hipertonia e o treinamento da musculatura antagonista. Baseando-se nestas informações, o presente estudo tem como objetivo analisar a eficiência do treinamento com dinamômetro isocinético no desempenho muscular dos dorsiflexores espásticos de paciente com seqüela de AVE após infiltração de TBA. Foi realizado um estudo de caso, sujeito do sexo masculino, hemiparético à direita, que realizou 10 sessões de treino no Cybex Humac Norm®, com uma avaliação pré e pós-treinamento e logo após a primeira infiltração de TBA. O resultado deste estudo demonstrou melhora na força, trabalho total, torque e potência da musculatura em treinamento excêntrico dos dorsiflexores e diminuição do déficit de força muscular entre os membros inferiores. Concluiu-se que a TBA com seu efeito relaxante sobre musculatura espástica possibilitou uma reeducação neuromuscular e melhora do controle motor seletivo, permitindo o aperfeiçoamento do desempenho muscular dos dorsiflexores por meio da dinamometria isocinética em baixas velocidades angulares, tanto do modo excêntrico quanto concêntrico. Torna-se necessário, com a escassez de dados na literatura, um estudo mais abrangente, com maior número de sujeitos e grupo controle. </subfield>
</datafield>
<datafield tag="260" ind1=" " ind2=" ">
<subfield code="b">Faculdade de Medicina, Universidade de São Paulo</subfield>
</datafield>
<dataField tag="260" ind1=" " ind2=" ">
<subfield code="c">2008-12-09 00:00:00</subfield>
</dataField>   <datafield tag="856" ind1=" " ind2=" ">
<subfield code="q">application/pdf</subfield>
</datafield>
<datafield tag="856" ind1="4" ind2="0">
<subfield code="u">https://www.revistas.usp.br/actafisiatrica/article/view/103010</subfield>
</datafield>  <datafield tag="786" ind1="0" ind2=" ">
<subfield code="n">Acta Fisiátrica; v. 15 n. 4 (2008)</subfield>
</datafield>  <datafield tag="546" ind1=" " ind2=" ">
<subfield code="a">por</subfield>
</datafield>   <datafield tag="540" ind1=" " ind2=" ">
<subfield code="a">Copyright (c) 2008 Acta Fisiátrica</subfield>
</datafield>
</record>
</metadata>
</record>