
<record>
<header>
<identifier>oai:revistas.usp.br:article/103030</identifier>
<datestamp>2019-10-21T16:54:33Z</datestamp>
<setSpec>actafisiatrica:Art.+Orig.</setSpec>
<setSpec>driver</setSpec>
</header>
<metadata>
<record xmlns="http://www.loc.gov/MARC21/slim" xmlns:xsi="http://www.w3.org/2001/XMLSchema-instance" xsi:schemaLocation="http://www.loc.gov/MARC21/slim http://www.loc.gov/standards/marcxml/schema/MARC21slim.xsd">
<leader>     nmb a2200000Iu 4500</leader>
<controlfield tag="008">"090309 2009                        eng  "</controlfield>
<datafield tag="022" ind1="#" ind2="#">
<subfield code="$a">2317-0190</subfield>
</datafield>
<datafield tag="022" ind1="#" ind2="#">
<subfield code="$a">0104-7795</subfield>
</datafield>
<datafield tag="042" ind1=" " ind2=" ">
<subfield code="a">dc</subfield>
</datafield>
<datafield tag="245" ind1="0" ind2="0">
<subfield code="a">Declínio relacionado a idade sobre a taxa de desenvolvimento de força e o efeito do treinamento com pesos em idosas</subfield>
</datafield>  <datafield tag="720" ind1="1" ind2=" ">
<subfield code="a">Barboza, Bruna Helena Valeriano</subfield>
<subfield code="u">Universidade Estadual Paulista</subfield></datafield>
<datafield tag="720" ind1="1" ind2=" ">
<subfield code="a">Gurjão, André Luiz Demantova</subfield>
<subfield code="u">Universidade Estadual Paulista</subfield></datafield>
<datafield tag="720" ind1="1" ind2=" ">
<subfield code="a">Jambassi Filho, José Claudio</subfield>
<subfield code="u">Universidade Estadual Paulista</subfield></datafield>
<datafield tag="720" ind1="1" ind2=" ">
<subfield code="a">Gonçalves, Raquel</subfield>
<subfield code="u">Universidade Estadual Paulista</subfield></datafield>
<datafield tag="720" ind1="1" ind2=" ">
<subfield code="a">Gobbi, Sebastião</subfield>
<subfield code="u">Universidade Estadual Paulista</subfield></datafield>
<datafield tag="520" ind1=" " ind2=" ">
<subfield code="a"> O presente estudo teve como objetivos: a) examinar as diferenças relacionadas a idade sobre o comportamento da taxa de desenvolvimento de força (TDF) obtida em diferentes instantes de tempo e TDF pico (TDFP) para os flexores de cotovelo e b) verificar o efeito do treinamento com pesos (TP) sobre essas variáveis em mulheres idosas. Para as análises transversais 40 mulheres foram separadas em grupo idosas (GI; 64,9 ± 5,5 anos; n=20) e grupo jovens (GJ; 20,7 ± 2,3 anos; n= 20). Para verificar o efeito do TP o GI foi separado em grupo treinamento (GT; n= 8) e grupo controle (GC; n= 10). A TDF pico (TDFP) foi determinada como a inclinação mais íngreme da curva para os primeiros 200ms relativos ao início da contração. Os valores de TDF para os intervalos de tempo de 0-50; 0-100; 0-150 e 0-200 ms também foram obtidos. O protocolo de TP foi executado durante oito semanas consecutivas, com três sessões semanais, intensidade entre 10-12 repetições máximas e moderada velocidade de execução. Adultas idosas apresentaram menores TDF (entre -33,2 e -24,3%) e TDFP (-36,3%) quando comparadas as Jovens. Embora o TP tenha levado ao aumento das diferentes TDF entre 7,5 e 18,5%, interação Grupo vs. Tempo significativa foi observada apenas para a TDF entre 0 e 150ms. Em conclusão, o processo de envelhecimento pode comprometer negativamente a capacidade de realizar força muscular rapidamente. Uma rotina de TP caracterizada por moderada velocidade de execução, não leva a incrementos significativos nas diferentes TDF em idosas previamente ativas. </subfield>
</datafield>
<datafield tag="260" ind1=" " ind2=" ">
<subfield code="b">Faculdade de Medicina, Universidade de São Paulo</subfield>
</datafield>
<dataField tag="260" ind1=" " ind2=" ">
<subfield code="c">2009-03-09 00:00:00</subfield>
</dataField>   <datafield tag="856" ind1=" " ind2=" ">
<subfield code="q">application/pdf</subfield>
</datafield>
<datafield tag="856" ind1="4" ind2="0">
<subfield code="u">https://www.revistas.usp.br/actafisiatrica/article/view/103030</subfield>
</datafield>  <datafield tag="786" ind1="0" ind2=" ">
<subfield code="n">Acta Fisiátrica; v. 16 n. 1 (2009)</subfield>
</datafield>  <datafield tag="546" ind1=" " ind2=" ">
<subfield code="a">por</subfield>
</datafield>   <datafield tag="540" ind1=" " ind2=" ">
<subfield code="a">Copyright (c) 2009 Acta Fisiátrica</subfield>
</datafield>
</record>
</metadata>
</record>