
<record>
<header>
<identifier>oai:revistas.usp.br:article/103032</identifier>
<datestamp>2019-10-21T16:58:19Z</datestamp>
<setSpec>actafisiatrica:Art.+Orig.</setSpec>
<setSpec>driver</setSpec>
</header>
<metadata>
<record xmlns="http://www.loc.gov/MARC21/slim" xmlns:xsi="http://www.w3.org/2001/XMLSchema-instance" xsi:schemaLocation="http://www.loc.gov/MARC21/slim http://www.loc.gov/standards/marcxml/schema/MARC21slim.xsd">
<leader>     nmb a2200000Iu 4500</leader>
<controlfield tag="008">"090309 2009                        eng  "</controlfield>
<datafield tag="022" ind1="#" ind2="#">
<subfield code="$a">2317-0190</subfield>
</datafield>
<datafield tag="022" ind1="#" ind2="#">
<subfield code="$a">0104-7795</subfield>
</datafield>
<datafield tag="042" ind1=" " ind2=" ">
<subfield code="a">dc</subfield>
</datafield>
<datafield tag="245" ind1="0" ind2="0">
<subfield code="a">Identificação das formas de comunicação em portadores de surdocegueira para planejamento da intervenção terapêutica</subfield>
</datafield>  <datafield tag="720" ind1="1" ind2=" ">
<subfield code="a">Martins, Emerson Fachin</subfield>
<subfield code="u">Universidade de Brasília. Faculdade de Ceilândia</subfield></datafield>
<datafield tag="720" ind1="1" ind2=" ">
<subfield code="a">Ivanov, Nadia</subfield>
<subfield code="u">Universidade Municipal de São Caetano do Sul</subfield></datafield>
<datafield tag="520" ind1=" " ind2=" ">
<subfield code="a"> Alterações auditivas e visuais são capazes de afetar o desenvolvimento motor e cognitivo de crianças e comprometer a aquisição de habilidades funcionais no adulto. A deficiência sensorial pode alterar a qualidade de percepção apresentada ao cérebro e influenciar a aprendizagem. Desta forma, a adaptação sensorial é condição necessária para o fornecimento de informações que possam favorecer o desenvolvimento de sujeitos com surdocegueira. O presente estudo verificou as formas de comunicação apresentadas por crianças e adultos surdocegos visando identificar estratégias para o planejamento da intervenção terapêutica. Para isso, foram entrevistadas 19 famílias que possuíam um dos membros sendo portador de surdocegueira. Os sujeitos foram divididos em dois grupos etários que foram considerados como crianças (até 17 anos) ou adultos (acima de 17 anos). Os resultados não apontaram predominância de qualquer forma de comunicação expressiva nos dois grupos etários. Entretanto, para a comunicação receptiva, LIBRAS foi, significativamente, mais usada que as demais formas de comunicação receptiva pelos adultos. Conclui-se que profissionais que prestam atendimento a sujeitos com surdocegueira devem capacitar-se a diferentes modalidades de comunicação e habilitar-se a comunicação por LIBRAS para interagir com sujeitos surdocegos e planejar adequadamente sua intervenção terapêutica. </subfield>
</datafield>
<datafield tag="260" ind1=" " ind2=" ">
<subfield code="b">Faculdade de Medicina, Universidade de São Paulo</subfield>
</datafield>
<dataField tag="260" ind1=" " ind2=" ">
<subfield code="c">2009-03-09 00:00:00</subfield>
</dataField>   <datafield tag="856" ind1=" " ind2=" ">
<subfield code="q">application/pdf</subfield>
</datafield>
<datafield tag="856" ind1="4" ind2="0">
<subfield code="u">https://www.revistas.usp.br/actafisiatrica/article/view/103032</subfield>
</datafield>  <datafield tag="786" ind1="0" ind2=" ">
<subfield code="n">Acta Fisiátrica; v. 16 n. 1 (2009)</subfield>
</datafield>  <datafield tag="546" ind1=" " ind2=" ">
<subfield code="a">por</subfield>
</datafield>   <datafield tag="540" ind1=" " ind2=" ">
<subfield code="a">Copyright (c) 2009 Acta Fisiátrica</subfield>
</datafield>
</record>
</metadata>
</record>