
<record>
<header>
<identifier>oai:revistas.usp.br:article/103033</identifier>
<datestamp>2019-10-21T17:01:52Z</datestamp>
<setSpec>actafisiatrica:Art.+Orig.</setSpec>
<setSpec>driver</setSpec>
</header>
<metadata>
<record xmlns="http://www.loc.gov/MARC21/slim" xmlns:xsi="http://www.w3.org/2001/XMLSchema-instance" xsi:schemaLocation="http://www.loc.gov/MARC21/slim http://www.loc.gov/standards/marcxml/schema/MARC21slim.xsd">
<leader>     nmb a2200000Iu 4500</leader>
<controlfield tag="008">"090309 2009                        eng  "</controlfield>
<datafield tag="022" ind1="#" ind2="#">
<subfield code="$a">2317-0190</subfield>
</datafield>
<datafield tag="022" ind1="#" ind2="#">
<subfield code="$a">0104-7795</subfield>
</datafield>
<datafield tag="042" ind1=" " ind2=" ">
<subfield code="a">dc</subfield>
</datafield>
<datafield tag="245" ind1="0" ind2="0">
<subfield code="a">Limitação de atividades e participação social em pacientes com diabetes</subfield>
</datafield>  <datafield tag="720" ind1="1" ind2=" ">
<subfield code="a">Fenley, Juliana de Camargo</subfield>
<subfield code="u">Faculdade de Medicina de São José do Rio Preto</subfield></datafield>
<datafield tag="720" ind1="1" ind2=" ">
<subfield code="a">Santiago, Ludmilla Nadir</subfield>
<subfield code="u">Faculdade de Medicina de São José do Rio Preto</subfield></datafield>
<datafield tag="720" ind1="1" ind2=" ">
<subfield code="a">Nardi, Susilene Maria Tonelli</subfield>
<subfield code="u">Instituto Lauro de Souza Lima</subfield></datafield>
<datafield tag="720" ind1="1" ind2=" ">
<subfield code="a">Zanetta, Dirce Maria Trevisan</subfield>
<subfield code="u">Faculdade de Medicina de São José do Rio Preto</subfield></datafield>
<datafield tag="520" ind1=" " ind2=" ">
<subfield code="a"> Objectives: to evaluate the activity limitation and the social participation in individuals with type 2 diabetes mellitus. Method: 79 diabetic patients were evaluated through SALSA scale (Screening of Activity Limitation and Safety Awareness) and Social Participation scale of the International Classification of Functioning, Disability and Health (ICF). Results: the average age of the participants was 61.6±9.8 years, 55.7% were female, 68.4% had a marital status, 32.9% had a low income (up to three minimum wages) and 13.9% had left work due to health reasons. The average time of illness was 10.3±8.9 years. 39.3% of the participants were treated with insulin, 70.9% with oral medication, 51.9% with diet and 45.6% with physical exercises. 48.1% presented some disease complication. The average in SALSA score was 26.5±11.6 and higher scores were associated with more than 10 years of disease. With diabetes evolution there may be a need for insulin therapy and diabetes complications can appear and interfere with the individual’s occupations. These factors can contribute to activity limitation. The average in Social Participation scale was 9.8±10.9, with higher scores when the patients considered their physical health impaired in the last year and when they were under insulin therapy. Conclusion: the activity limitation in type 2 diabetes mellitus was associated to the duration of the disease with possible contribution of factors related to the disease’s evolution. The auto-evaluation of impaired physical health and insulin therapy seem to interfere with social participation. </subfield>
</datafield>
<datafield tag="260" ind1=" " ind2=" ">
<subfield code="b">Faculdade de Medicina, Universidade de São Paulo</subfield>
</datafield>
<dataField tag="260" ind1=" " ind2=" ">
<subfield code="c">2009-03-09 00:00:00</subfield>
</dataField>   <datafield tag="856" ind1=" " ind2=" ">
<subfield code="q">application/pdf</subfield>
</datafield>
<datafield tag="856" ind1=" " ind2=" ">
<subfield code="q">application/pdf</subfield>
</datafield>
<datafield tag="856" ind1="4" ind2="0">
<subfield code="u">https://www.revistas.usp.br/actafisiatrica/article/view/103033</subfield>
</datafield>  <datafield tag="786" ind1="0" ind2=" ">
<subfield code="n">Acta Fisiátrica; v. 16 n. 1 (2009)</subfield>
</datafield>  <datafield tag="546" ind1=" " ind2=" ">
<subfield code="a">eng</subfield>
</datafield>   <datafield tag="540" ind1=" " ind2=" ">
<subfield code="a">Copyright (c) 2009 Acta Fisiátrica</subfield>
</datafield>
</record>
</metadata>
</record>