
<record>
<header>
<identifier>oai:revistas.usp.br:article/103035</identifier>
<datestamp>2019-10-21T17:05:25Z</datestamp>
<setSpec>actafisiatrica:Art.+Orig.</setSpec>
<setSpec>driver</setSpec>
</header>
<metadata>
<record xmlns="http://www.loc.gov/MARC21/slim" xmlns:xsi="http://www.w3.org/2001/XMLSchema-instance" xsi:schemaLocation="http://www.loc.gov/MARC21/slim http://www.loc.gov/standards/marcxml/schema/MARC21slim.xsd">
<leader>     nmb a2200000Iu 4500</leader>
<controlfield tag="008">"090309 2009                        eng  "</controlfield>
<datafield tag="022" ind1="#" ind2="#">
<subfield code="$a">2317-0190</subfield>
</datafield>
<datafield tag="022" ind1="#" ind2="#">
<subfield code="$a">0104-7795</subfield>
</datafield>
<datafield tag="042" ind1=" " ind2=" ">
<subfield code="a">dc</subfield>
</datafield>
<datafield tag="245" ind1="0" ind2="0">
<subfield code="a">Estabilidade postural de adultos jovens na privação momentânea da visão</subfield>
</datafield>  <datafield tag="720" ind1="1" ind2=" ">
<subfield code="a">Costa, Regina Maria Carvalho Leme</subfield>
<subfield code="u">Universidade de Mogi das Cruzes</subfield></datafield>
<datafield tag="720" ind1="1" ind2=" ">
<subfield code="a">Goroso, Daniel Gustavo</subfield>
<subfield code="u">Universidade de Mogi das Cruzes</subfield></datafield>
<datafield tag="720" ind1="1" ind2=" ">
<subfield code="a">Lopes, José Augusto Fernandes</subfield>
<subfield code="u">Universidade de São Paulo. Faculdade de Medicina</subfield></datafield>
<datafield tag="520" ind1=" " ind2=" ">
<subfield code="a"> Esse trabalho teve como objetivo a análise da estabilidade postural de adultos jovens na privação momentânea da visão (PMV), no movimento de extensão de tronco para a postura ereta. Foi utilizado um sistema de plataformas de força (uma para cada pé), com freqüência de aquisição de 1000 Hz e um sistema de imagens, com freqüência de aquisição de 200 Hz; ambos os sistemas foram sincronizados. Foram obtidas as forças de reação ao solo (FRS) em cada pé de apoio e calculado o centro de pressão (COP: Center of Pressure). Também foi obtido o centro de gravidade (COG: Center of Gravity) por meio da reconstrução tridimensional das 8 câmeras. Os sinais cinéticos e cinemáticos brutos foram filtrados, utilizando filtro Butterworth de 6ª e 4a ordem, respectivamente, com freqüência de corte de 12 Hz. A coleta de dados foi realizada em 10 indivíduos, adultos jovens do sexo masculino, com média de idade de 25,6 ±2,3 anos, sob duas condições visuais: (1) Visão Preservada (VP) e (2) Privação Momentânea da Visão (PMV) e foram realizadas 5 tentativas para cada condição visual. A tarefa de movimento, denominada auto-perturbação, partiu da posição inicial de flexão de tronco (90º) até a postura ereta. Foi definida como variável de estudo a amplitude do módulo do vetor /COP − COG/ nos intervalos antes da perturbação, perturbação e pós-perturbação, a fim de quantificar o tempo de recuperação da estabilidade no intervalo pós-perturbação. A amplitude do módulo do vetor /COP − COG/ foi ajustada com uma curva exponencial. Os valores médios obtidos para o tempo de recuperação da estabilidade foram: 779,6 ms (±138,6) para condição VP e 404,8 ms (±170,2) para a condição PMV. Foi aplicado o teste de Kolmogorov-Smirnov para testar a normalidade das variáveis: tempo de recuperação da estabilidade e amplitude pósperturbação (p&lt;0.05). Na seqüência foram aplicados os testes: t de Student para dados pareados e ANOVA bidirecional para as 5 tentativas de cada condição visual. Foram constatadas diferenças significativas (P&lt;0,05) para as variáveis analisadas no intervalo de pós-perturbação. Concluiu-se que os indivíduos PMV utilizaram mecanismos de ajustes neuromusculares rápidos quando comparados com indivíduos VP para se estabilizar na postura ereta e não cair. </subfield>
</datafield>
<datafield tag="260" ind1=" " ind2=" ">
<subfield code="b">Faculdade de Medicina, Universidade de São Paulo</subfield>
</datafield>
<dataField tag="260" ind1=" " ind2=" ">
<subfield code="c">2009-03-09 00:00:00</subfield>
</dataField>   <datafield tag="856" ind1=" " ind2=" ">
<subfield code="q">application/pdf</subfield>
</datafield>
<datafield tag="856" ind1="4" ind2="0">
<subfield code="u">https://www.revistas.usp.br/actafisiatrica/article/view/103035</subfield>
</datafield>  <datafield tag="786" ind1="0" ind2=" ">
<subfield code="n">Acta Fisiátrica; v. 16 n. 1 (2009)</subfield>
</datafield>  <datafield tag="546" ind1=" " ind2=" ">
<subfield code="a">por</subfield>
</datafield>   <datafield tag="540" ind1=" " ind2=" ">
<subfield code="a">Copyright (c) 2009 Acta Fisiátrica</subfield>
</datafield>
</record>
</metadata>
</record>