
<record>
<header>
<identifier>oai:revistas.usp.br:article/103037</identifier>
<datestamp>2019-10-21T17:10:21Z</datestamp>
<setSpec>actafisiatrica:Art.+Rev.</setSpec>
<setSpec>driver</setSpec>
</header>
<metadata>
<record xmlns="http://www.loc.gov/MARC21/slim" xmlns:xsi="http://www.w3.org/2001/XMLSchema-instance" xsi:schemaLocation="http://www.loc.gov/MARC21/slim http://www.loc.gov/standards/marcxml/schema/MARC21slim.xsd">
<leader>     nmb a2200000Iu 4500</leader>
<controlfield tag="008">"090309 2009                        eng  "</controlfield>
<datafield tag="022" ind1="#" ind2="#">
<subfield code="$a">2317-0190</subfield>
</datafield>
<datafield tag="022" ind1="#" ind2="#">
<subfield code="$a">0104-7795</subfield>
</datafield>
<datafield tag="042" ind1=" " ind2=" ">
<subfield code="a">dc</subfield>
</datafield>
<datafield tag="245" ind1="0" ind2="0">
<subfield code="a">Toxina Botulínica do Tipo A: mecanismo de ação</subfield>
</datafield>  <datafield tag="100" ind1="1" ind2=" ">
<subfield code="a">Sposito, Maria Matilde de Mello</subfield>
<subfield code="u">Universidade de São Paulo. Faculdade de Medicina</subfield></datafield>
<datafield tag="520" ind1=" " ind2=" ">
<subfield code="a"> Neste trabalho de revisão, são abordados inicialmente aspectos históricos das pesquisas para a obtenção e utilização da toxina botulínica do tipo A (BoNT/A), inicialmente como arma biológica e depois como medicamento. Em seguida descreve-se detalhadamente a estrutura e síntese da BoNT/A, com ênfase às cadeias leve e pesada para na seqüência descrever-se o mecanismo de ação. O mecanismo de ação é explorado nos seus aspectos de relaxamento muscular sobre músculos estriados (inibição da liberação de acetilcolina) e ação sobre o reflexo de estiramento medula; ação antinociceptiva, através do bloqueio da liberação de peptídeos relacionados com a dor e sobre o sistema nervoso autônomo, atuando sobre glândulas (salivar, sudorípara e lacrimal) e sobre bexiga e próstata. Ainda discute-se os efeitos diretos e indiretos da BoNT/A sobre o Sistema Nervoso Central, os aspectos relacionados à antigenicidade quando utilização deste recurso terapêutico e as direções futuras para este recurso. </subfield>
</datafield>
<datafield tag="260" ind1=" " ind2=" ">
<subfield code="b">Faculdade de Medicina, Universidade de São Paulo</subfield>
</datafield>
<dataField tag="260" ind1=" " ind2=" ">
<subfield code="c">2009-03-09 00:00:00</subfield>
</dataField>   <datafield tag="856" ind1=" " ind2=" ">
<subfield code="q">application/pdf</subfield>
</datafield>
<datafield tag="856" ind1="4" ind2="0">
<subfield code="u">https://www.revistas.usp.br/actafisiatrica/article/view/103037</subfield>
</datafield>  <datafield tag="786" ind1="0" ind2=" ">
<subfield code="n">Acta Fisiátrica; v. 16 n. 1 (2009)</subfield>
</datafield>  <datafield tag="546" ind1=" " ind2=" ">
<subfield code="a">por</subfield>
</datafield>   <datafield tag="540" ind1=" " ind2=" ">
<subfield code="a">Copyright (c) 2009 Acta Fisiátrica</subfield>
</datafield>
</record>
</metadata>
</record>