
<record>
<header>
<identifier>oai:revistas.usp.br:article/103041</identifier>
<datestamp>2019-10-21T17:17:00Z</datestamp>
<setSpec>actafisiatrica:Rel.+Caso</setSpec>
<setSpec>driver</setSpec>
</header>
<metadata>
<record xmlns="http://www.loc.gov/MARC21/slim" xmlns:xsi="http://www.w3.org/2001/XMLSchema-instance" xsi:schemaLocation="http://www.loc.gov/MARC21/slim http://www.loc.gov/standards/marcxml/schema/MARC21slim.xsd">
<leader>     nmb a2200000Iu 4500</leader>
<controlfield tag="008">"090309 2009                        eng  "</controlfield>
<datafield tag="022" ind1="#" ind2="#">
<subfield code="$a">2317-0190</subfield>
</datafield>
<datafield tag="022" ind1="#" ind2="#">
<subfield code="$a">0104-7795</subfield>
</datafield>
<datafield tag="042" ind1=" " ind2=" ">
<subfield code="a">dc</subfield>
</datafield>
<datafield tag="245" ind1="0" ind2="0">
<subfield code="a">Bandagem úmida empregada com baixa elasticidade no tratamento de úlcera em paciente com lipolinfedema</subfield>
</datafield>  <datafield tag="720" ind1="1" ind2=" ">
<subfield code="a">Godoy, José Maria Pereira de</subfield>
<subfield code="u">Faculdade de Medicina de São José do Rio Preto</subfield></datafield>
<datafield tag="720" ind1="1" ind2=" ">
<subfield code="a">Santos, Raul Augusto dos</subfield>
<subfield code="u">Faculdade de Medicina de São José do Rio Preto</subfield></datafield>
<datafield tag="720" ind1="1" ind2=" ">
<subfield code="a">Vilela Filho, Rômulo Alberto</subfield>
<subfield code="u">Faculdade de Medicina de São José do Rio Preto</subfield></datafield>
<datafield tag="720" ind1="1" ind2=" ">
<subfield code="a">Godoy, Maria de Fátima Guerreiro</subfield>
<subfield code="u">Faculdade de Medicina de São José do Rio Preto</subfield></datafield>
<datafield tag="520" ind1=" " ind2=" ">
<subfield code="a"> O lipedema é caracterizado pelo aumento bilateral e simétrico dos membros inferiores, sem o acometimento dos pés, sinal de Stemmer negativo, podendo ocorrer hipotermia cutânea, alteração no suporte plantar e hiperalgesia. O objetivo do presente estudo é relatar uma forma incomum de lesão ulcerada em paciente com lipolinfedema tratado com bandagem úmida empregada com baixa elasticidade. Paciente, do sexo feminino, de 50 anos, com história familiar de lipedema refere vários episódios de erisipela em membro inferior esquerdo há cerca de 20 anos e com surgimento de úlceras de difícil cicatrização há mais de cinco anos. Foi tratada com bandagem úmida de baixa elasticidade e teve boa evolução com cicatrização da ferida. Lesões ulceradas são raras no lipolinfedema, porém a sua ocorrência esta associada com dificuldade na cicatrização. </subfield>
</datafield>
<datafield tag="260" ind1=" " ind2=" ">
<subfield code="b">Faculdade de Medicina, Universidade de São Paulo</subfield>
</datafield>
<dataField tag="260" ind1=" " ind2=" ">
<subfield code="c">2009-03-09 00:00:00</subfield>
</dataField>   <datafield tag="856" ind1=" " ind2=" ">
<subfield code="q">application/pdf</subfield>
</datafield>
<datafield tag="856" ind1="4" ind2="0">
<subfield code="u">https://www.revistas.usp.br/actafisiatrica/article/view/103041</subfield>
</datafield>  <datafield tag="786" ind1="0" ind2=" ">
<subfield code="n">Acta Fisiátrica; v. 16 n. 1 (2009)</subfield>
</datafield>  <datafield tag="546" ind1=" " ind2=" ">
<subfield code="a">por</subfield>
</datafield>   <datafield tag="540" ind1=" " ind2=" ">
<subfield code="a">Copyright (c) 2009 Acta Fisiátrica</subfield>
</datafield>
</record>
</metadata>
</record>