
<record>
<header>
<identifier>oai:revistas.usp.br:article/103044</identifier>
<datestamp>2019-10-21T17:24:48Z</datestamp>
<setSpec>actafisiatrica:Rel.+Caso</setSpec>
<setSpec>driver</setSpec>
</header>
<metadata>
<record xmlns="http://www.loc.gov/MARC21/slim" xmlns:xsi="http://www.w3.org/2001/XMLSchema-instance" xsi:schemaLocation="http://www.loc.gov/MARC21/slim http://www.loc.gov/standards/marcxml/schema/MARC21slim.xsd">
<leader>     nmb a2200000Iu 4500</leader>
<controlfield tag="008">"090309 2009                        eng  "</controlfield>
<datafield tag="022" ind1="#" ind2="#">
<subfield code="$a">2317-0190</subfield>
</datafield>
<datafield tag="022" ind1="#" ind2="#">
<subfield code="$a">0104-7795</subfield>
</datafield>
<datafield tag="042" ind1=" " ind2=" ">
<subfield code="a">dc</subfield>
</datafield>
<datafield tag="245" ind1="0" ind2="0">
<subfield code="a">Paracoccidioidomicose – acometimento encefálico e medular: relato de caso</subfield>
</datafield>  <datafield tag="720" ind1="1" ind2=" ">
<subfield code="a">Jubé, Maria Raquel Ramos</subfield>
<subfield code="u">Centro de Reabilitação e Readaptação Dr. Henrique Santillo</subfield></datafield>
<datafield tag="720" ind1="1" ind2=" ">
<subfield code="a">Feres, Caroline Campelo</subfield>
<subfield code="u">Centro de Reabilitação e Readaptação Dr. Henrique Santillo</subfield></datafield>
<datafield tag="720" ind1="1" ind2=" ">
<subfield code="a">Lima, Gabriela Henrique de Souza</subfield>
<subfield code="u">Centro de Reabilitação e Readaptação Dr. Henrique Santillo</subfield></datafield>
<datafield tag="720" ind1="1" ind2=" ">
<subfield code="a">Watanabe, Leonardo Eizo</subfield>
<subfield code="u">Centro de Reabilitação e Readaptação Dr. Henrique Santillo</subfield></datafield>
<datafield tag="720" ind1="1" ind2=" ">
<subfield code="a">Faria, Renato da Silva</subfield>
<subfield code="u">Centro de Reabilitação e Readaptação Dr. Henrique Santillo</subfield></datafield>
<datafield tag="720" ind1="1" ind2=" ">
<subfield code="a">Paula, Élbio Cândido de</subfield>
<subfield code="u">Centro de Reabilitação e Readaptação Dr. Henrique Santillo</subfield></datafield>
<datafield tag="720" ind1="1" ind2=" ">
<subfield code="a">Garcia, Ana Cristina Ferreira</subfield>
<subfield code="u">Centro de Reabilitação e Readaptação Dr. Henrique Santillo</subfield></datafield>
<datafield tag="520" ind1=" " ind2=" ">
<subfield code="a"> A paracoccidioidomicose (PCM) é uma micose sistêmica, tipo granulomatosa, sendo o Brasil responsável por 80% dos casos relatados no mundo. Mesmo em zonas endêmicas, sua incidência é baixa (3-4 novos casos/milhão até 1-3 novos casos/100mil habitantes ao ano). Relatamos um caso do sexo feminino, 54 anos, procedente do meio rural, região norte do estado de Goiás, centrooeste do Brasil. Durante investigação para síndrome compressiva medular foi identificada lesão tumoral em nível torácico, submetida à ressecção e firmado o diagnóstico de neuroparacoccidioidomicose no anatomopatológico. Foi admitida para reabilitação com diagnóstico de Paraplegia T9 Asia B. Durante a internação foram realizados exames (tomografia computadorizada (TC) de crânio e tórax) para investigação de acometimento de outros órgãos. A TC de tórax demonstrou aspecto sugestivo de PCM com micronódulos de localização centro-lobular e algumas opacidades em “árvore em brotamento” com discreta distorção da arquitetura pulmonar, além de focos de atenuação em “vidro fosco” de distribuição não homogênea. A TC crânio também se mostrou sugestiva de acometimento da PCM em fase ativa: áreas nodulares em cápsulonuclear à esquerda e tálamo correspondente, com edema reacional e importante realce periférico. A doença é um problema de saúde pública no Brasil devido ao seu potencial incapacitante, sendo o diagnóstico difícil especialmente quando acomete SNC, por ser uma manifestação pouco comum (maior acometimento pulmonar). </subfield>
</datafield>
<datafield tag="260" ind1=" " ind2=" ">
<subfield code="b">Faculdade de Medicina, Universidade de São Paulo</subfield>
</datafield>
<dataField tag="260" ind1=" " ind2=" ">
<subfield code="c">2009-03-09 00:00:00</subfield>
</dataField>   <datafield tag="856" ind1=" " ind2=" ">
<subfield code="q">application/pdf</subfield>
</datafield>
<datafield tag="856" ind1="4" ind2="0">
<subfield code="u">https://www.revistas.usp.br/actafisiatrica/article/view/103044</subfield>
</datafield>  <datafield tag="786" ind1="0" ind2=" ">
<subfield code="n">Acta Fisiátrica; v. 16 n. 1 (2009)</subfield>
</datafield>  <datafield tag="546" ind1=" " ind2=" ">
<subfield code="a">por</subfield>
</datafield>   <datafield tag="540" ind1=" " ind2=" ">
<subfield code="a">Copyright (c) 2009 Acta Fisiátrica</subfield>
</datafield>
</record>
</metadata>
</record>