
<record>
<header>
<identifier>oai:revistas.usp.br:article/103055</identifier>
<datestamp>2019-11-22T22:01:25Z</datestamp>
<setSpec>actafisiatrica:Art.+Rev.</setSpec>
<setSpec>driver</setSpec>
</header>
<metadata>
<record xmlns="http://www.loc.gov/MARC21/slim" xmlns:xsi="http://www.w3.org/2001/XMLSchema-instance" xsi:schemaLocation="http://www.loc.gov/MARC21/slim http://www.loc.gov/standards/marcxml/schema/MARC21slim.xsd">
<leader>     nmb a2200000Iu 4500</leader>
<controlfield tag="008">"090609 2009                        eng  "</controlfield>
<datafield tag="022" ind1="#" ind2="#">
<subfield code="$a">2317-0190</subfield>
</datafield>
<datafield tag="022" ind1="#" ind2="#">
<subfield code="$a">0104-7795</subfield>
</datafield>
<datafield tag="042" ind1=" " ind2=" ">
<subfield code="a">dc</subfield>
</datafield>
<datafield tag="245" ind1="0" ind2="0">
<subfield code="a">Reabilitação profissional como política de inclusão social</subfield>
</datafield>  <datafield tag="720" ind1="1" ind2=" ">
<subfield code="a">Maeno, Maria</subfield>
<subfield code="u">Fundação Jorge Duprat Figueiredo - Fundacentro</subfield></datafield>
<datafield tag="720" ind1="1" ind2=" ">
<subfield code="a">Takahashi, Mara Alice Conti</subfield>
<subfield code="u">Centro de Referência em Saúde do Trabalhador de Piracicaba</subfield></datafield>
<datafield tag="720" ind1="1" ind2=" ">
<subfield code="a">Lima, Mônica Angelim Gomes de</subfield>
<subfield code="u">Universidade Federal da Bahia. Faculdade de Medicina</subfield></datafield>
<datafield tag="520" ind1=" " ind2=" ">
<subfield code="a"> Este artigo faz uma breve análise de aspectos históricos e institucionais da reabilitação profissional no Brasil, e propõe desafios conceituais e estruturais a serem superados, condição necessária para que seja construída uma política de inclusão social nessa área. Aborda o uso da Classificação Internacional de Funcionalidade, Incapacidade e Saúde – CIF, criada Organização Mundial de Saúde (OMS), no ano de 2001, como ferramenta na reabilitação profissional. </subfield>
</datafield>
<datafield tag="260" ind1=" " ind2=" ">
<subfield code="b">Faculdade de Medicina, Universidade de São Paulo</subfield>
</datafield>
<dataField tag="260" ind1=" " ind2=" ">
<subfield code="c">2009-06-09 00:00:00</subfield>
</dataField>   <datafield tag="856" ind1=" " ind2=" ">
<subfield code="q">application/pdf</subfield>
</datafield>
<datafield tag="856" ind1="4" ind2="0">
<subfield code="u">https://www.revistas.usp.br/actafisiatrica/article/view/103055</subfield>
</datafield>  <datafield tag="786" ind1="0" ind2=" ">
<subfield code="n">Acta Fisiátrica; v. 16 n. 2 (2009)</subfield>
</datafield>  <datafield tag="546" ind1=" " ind2=" ">
<subfield code="a">por</subfield>
</datafield>   <datafield tag="540" ind1=" " ind2=" ">
<subfield code="a">Copyright (c) 2009 Acta Fisiátrica</subfield>
</datafield>
</record>
</metadata>
</record>