
<record>
<header>
<identifier>oai:revistas.usp.br:article/103057</identifier>
<datestamp>2019-11-22T22:02:52Z</datestamp>
<setSpec>actafisiatrica:Art.+Rev.</setSpec>
<setSpec>driver</setSpec>
</header>
<metadata>
<record xmlns="http://www.loc.gov/MARC21/slim" xmlns:xsi="http://www.w3.org/2001/XMLSchema-instance" xsi:schemaLocation="http://www.loc.gov/MARC21/slim http://www.loc.gov/standards/marcxml/schema/MARC21slim.xsd">
<leader>     nmb a2200000Iu 4500</leader>
<controlfield tag="008">"090609 2009                        eng  "</controlfield>
<datafield tag="022" ind1="#" ind2="#">
<subfield code="$a">2317-0190</subfield>
</datafield>
<datafield tag="022" ind1="#" ind2="#">
<subfield code="$a">0104-7795</subfield>
</datafield>
<datafield tag="042" ind1=" " ind2=" ">
<subfield code="a">dc</subfield>
</datafield>
<datafield tag="245" ind1="0" ind2="0">
<subfield code="a">Tutela jurídica da saúde dos empregados de frigoríficos: considerações dos serviços públicos</subfield>
</datafield>  <datafield tag="720" ind1="1" ind2=" ">
<subfield code="a">Sarda, Sandro Eduardo</subfield>
</datafield>
<datafield tag="720" ind1="1" ind2=" ">
<subfield code="a">Ruiz, Roberto Carlos</subfield>
<subfield code="u">Universidade Estadual de Campinas</subfield></datafield>
<datafield tag="720" ind1="1" ind2=" ">
<subfield code="a">Kirtschig, Guilherme</subfield>
</datafield>
<datafield tag="520" ind1=" " ind2=" ">
<subfield code="a"> O presente artigo pretende abordar as condições de trabalho nas empresas de abate e processamento de carnes (frigoríficos), setor econômico que apresenta alta prevalência de doenças ocupacionais. A prevenção de doenças ocupacionais por meio da redução dos riscos inerentes ao trabalho encerra valor jurídico fundante de todo o modelo de proteção à saúde dos trabalhadores. Não obstante, o elevado patamar que os direitos à vida, à saúde e ao meio ambiente equilibrado ocupam na Constituição Federal e a existência de verdadeira sinergia de fatores de risco à saúde dos trabalhadores (repetitividade, monotonia, pressão de tempo, frio, ritmo excessivo, jornadas exaustivas, posturas inadequadas) as empresas do setor não vem adotando as medidas preconizadas no ordenamento jurídico, gerando um elevado contingente de trabalhadores lesionados, sobretudo jovens empregados. O presente artigo tem por objetivo realizar uma descrição das condições de trabalho em duas empresas do setor. Esta análise foi realizada a partir dos dados do INSS, dos autos de infração lavrados por Auditores do Trabalho e demais provas existentes nos inquéritos civis instaurados pelo Ministério Público do Trabalho. Conclui-se que a realidade encontrada é caracterizada pelo descumprimento das normas de proteção a saúde dos trabalhadores preconizada na Constituição Federal. </subfield>
</datafield>
<datafield tag="260" ind1=" " ind2=" ">
<subfield code="b">Faculdade de Medicina, Universidade de São Paulo</subfield>
</datafield>
<dataField tag="260" ind1=" " ind2=" ">
<subfield code="c">2009-06-09 00:00:00</subfield>
</dataField>   <datafield tag="856" ind1=" " ind2=" ">
<subfield code="q">application/pdf</subfield>
</datafield>
<datafield tag="856" ind1="4" ind2="0">
<subfield code="u">https://www.revistas.usp.br/actafisiatrica/article/view/103057</subfield>
</datafield>  <datafield tag="786" ind1="0" ind2=" ">
<subfield code="n">Acta Fisiátrica; v. 16 n. 2 (2009)</subfield>
</datafield>  <datafield tag="546" ind1=" " ind2=" ">
<subfield code="a">por</subfield>
</datafield>   <datafield tag="540" ind1=" " ind2=" ">
<subfield code="a">Copyright (c) 2009 Acta Fisiátrica</subfield>
</datafield>
</record>
</metadata>
</record>