
<record>
<header>
<identifier>oai:revistas.usp.br:article/103169</identifier>
<datestamp>2019-11-22T21:56:48Z</datestamp>
<setSpec>actafisiatrica:Art.+Orig.</setSpec>
<setSpec>driver</setSpec>
</header>
<metadata>
<record xmlns="http://www.loc.gov/MARC21/slim" xmlns:xsi="http://www.w3.org/2001/XMLSchema-instance" xsi:schemaLocation="http://www.loc.gov/MARC21/slim http://www.loc.gov/standards/marcxml/schema/MARC21slim.xsd">
<leader>     nmb a2200000Iu 4500</leader>
<controlfield tag="008">"090609 2009                        eng  "</controlfield>
<datafield tag="022" ind1="#" ind2="#">
<subfield code="$a">2317-0190</subfield>
</datafield>
<datafield tag="022" ind1="#" ind2="#">
<subfield code="$a">0104-7795</subfield>
</datafield>
<datafield tag="042" ind1=" " ind2=" ">
<subfield code="a">dc</subfield>
</datafield>
<datafield tag="245" ind1="0" ind2="0">
<subfield code="a">Programa de Reabilitação Ampliada (PRA): uma abordagem multidimensional do processo de reabilitação profissional</subfield>
</datafield>  <datafield tag="720" ind1="1" ind2=" ">
<subfield code="a">Bartilotti, Carolina Bunn</subfield>
</datafield>
<datafield tag="720" ind1="1" ind2=" ">
<subfield code="a">Andrade, Paulo Renato de</subfield>
</datafield>
<datafield tag="720" ind1="1" ind2=" ">
<subfield code="a">Varandas, Juliana de Mattos</subfield>
</datafield>
<datafield tag="720" ind1="1" ind2=" ">
<subfield code="a">Ferreira, Paula Cristina Gamba</subfield>
</datafield>
<datafield tag="720" ind1="1" ind2=" ">
<subfield code="a">Cabral, Cristine</subfield>
</datafield>
<datafield tag="520" ind1=" " ind2=" ">
<subfield code="a"> O PRA foi desenvolvido a partir de uma demanda do Ministério Público do Trabalho (MPT) 12ª Região mediante denúncia de uma alta prevalência (10%)de doenças ocupacionais; em especial LER/DORT e transtornos mentais, em uma empresa do ramo de produção e abate de aves e suínos do meio oeste de Santa Catarina. A partir do estabelecimento de parcerias entre o INSS, Centro de Referência Estadual em Saúde do Trabalhador (CEREST/SC), Universidade Federal de Santa Catarina (UFSC) e MPT 12ª Região, o PRA foi desenvolvido como uma proposta de Termo de Ajuste de Conduta (TAC), sendo um projeto único no Brasil e constituído de três pilares: 1. assistencial; 2. vigilância; e 3. requalificação. Fizeram parte da equipe multidisciplinar 18 profissionais que ofereciam serviços de fisioterapia, terapia ocupacional (T.O.), psicologia, acupuntura, reeducação postural global (RPG), tai chi chuan, massoterapia, danças circulares, grupo informativo, condicionamento físico, hidroginástica, terapias complementares e assistência social. Este programa foi iniciado em novembro/2007 finalizando suas atividades em setembro/2008, atendendo durante este período 425 pessoas. Os objetivos principais deste artigo são: 1. descrever a estrutura do PRA e seus procedimentos no pilar assistencial e requalificação; 2. apresentar os principais resultados encontrados. Trata-se de um estudo quantitativo de corte transversal, com coleta de dados em dois momentos (inicio e término do tratamento). Os dados foram analisados utilizando estatísticas descritivas e inferenciais (média, DP), teste T e Chi-quadrado. Um grande número de trabalhadores apresentou melhoras significativas nos indicadores qualidade de vida, saúde global, capacidade funcional, depressão, aumento da amplitude de movimento. Cerca de 271 trabalhadores atendidos (64%) retornaram ou estão retornando ao trabalho, 68 (16%) ainda permanecem afastados, 32 (cerca de 7 %) foram aposentados, 24 (cerca de 6%) apresentaram outras patologias não contempladas pelo programa, 19 (cerca de 4%) ainda estão realizando algum tratamento, e 11 (3%) beneficiários abandonaram o programa de reabilitação. O que pode se concluir a partir desta experiência, é que o processo de reabilitação profissional deve abordar esta problemática a partir de um enfoque biopsicossocial. O foco principal da equipe de reabilitação não é na patologia instalada, e sim o restabelecimento das capacidades funcionais e desenvolvimento de novas possibilidades, a partir do grau de funcionalidade e escolaridade do trabalhador. </subfield>
</datafield>
<datafield tag="260" ind1=" " ind2=" ">
<subfield code="b">Faculdade de Medicina, Universidade de São Paulo</subfield>
</datafield>
<dataField tag="260" ind1=" " ind2=" ">
<subfield code="c">2009-06-09 00:00:00</subfield>
</dataField>   <datafield tag="856" ind1=" " ind2=" ">
<subfield code="q">application/pdf</subfield>
</datafield>
<datafield tag="856" ind1="4" ind2="0">
<subfield code="u">https://www.revistas.usp.br/actafisiatrica/article/view/103169</subfield>
</datafield>  <datafield tag="786" ind1="0" ind2=" ">
<subfield code="n">Acta Fisiátrica; v. 16 n. 2 (2009)</subfield>
</datafield>  <datafield tag="546" ind1=" " ind2=" ">
<subfield code="a">por</subfield>
</datafield>   <datafield tag="540" ind1=" " ind2=" ">
<subfield code="a">Copyright (c) 2009 Acta Fisiátrica</subfield>
</datafield>
</record>
</metadata>
</record>