
<record>
<header>
<identifier>oai:revistas.usp.br:article/103171</identifier>
<datestamp>2019-11-22T21:56:48Z</datestamp>
<setSpec>actafisiatrica:Art.+Orig.</setSpec>
<setSpec>driver</setSpec>
</header>
<metadata>
<record xmlns="http://www.loc.gov/MARC21/slim" xmlns:xsi="http://www.w3.org/2001/XMLSchema-instance" xsi:schemaLocation="http://www.loc.gov/MARC21/slim http://www.loc.gov/standards/marcxml/schema/MARC21slim.xsd">
<leader>     nmb a2200000Iu 4500</leader>
<controlfield tag="008">"090609 2009                        eng  "</controlfield>
<datafield tag="022" ind1="#" ind2="#">
<subfield code="$a">2317-0190</subfield>
</datafield>
<datafield tag="022" ind1="#" ind2="#">
<subfield code="$a">0104-7795</subfield>
</datafield>
<datafield tag="042" ind1=" " ind2=" ">
<subfield code="a">dc</subfield>
</datafield>
<datafield tag="245" ind1="0" ind2="0">
<subfield code="a">Preditores biopsicossociais de incapacidade física e depressão em trabalhadores do setor de frigoríficos atendidos em um programa de reabilitação profissional</subfield>
</datafield>  <datafield tag="720" ind1="1" ind2=" ">
<subfield code="a">Sardá Junior, Jamir João</subfield>
<subfield code="u">Universidade do Vale do Itajaí - Univali</subfield></datafield>
<datafield tag="720" ind1="1" ind2=" ">
<subfield code="a">Kupek, Emil</subfield>
<subfield code="u">Universidade Federal de Santa Catarina</subfield></datafield>
<datafield tag="720" ind1="1" ind2=" ">
<subfield code="a">Cruz, Roberto Moraes</subfield>
<subfield code="u">Universidade Federal de Santa Catarina</subfield></datafield>
<datafield tag="520" ind1=" " ind2=" ">
<subfield code="a"> Um grande número de trabalhadores é acometido por doenças ocupacionais que tem, dentre seus sintomas, dores crônicas, incapacidade e depressão. Embora existam evidências sobre a contribuição de fatores relacionados ao ambiente de trabalho e fatores orgânicos em quadros de doenças ocupacionais, a incapacidade e a presença de depressão associadas a essas condições são fenômenos multifatoriais mediados por aspectos biopsicossociais. O presente artigo examina as relações entre fatores clínicos, ambientais, demográficos e incapacidade, depressão em uma população de trabalhadores do setor de frigoríficos (n=234) atendidos por um programa de reabilitação profissional. Este estudo pode ser descrito como de corte transversal, utilizando análises estatísticas descritivas e inferenciais (regressões multivariadas). Os dados foram coletados utilizando um questionário demográfico e clínico, o Questionário Roland e Morris, a escala de depressão do HADS e a Medida de Independência Funcional – MIF. Os resultados demonstraram que em todos os instrumentos utilizados, o escore final (após reabilitação) foi fortemente determinado pelo escore inicial (antes da reabilitação), com pouca influência das outras variáveis independentes. A mudança nos níveis de incapacidade parece estar associada a presença de ganho financeiro (p=0.057). O escore final do MIF foi inversamente relacionado com o tempo de afastamento (p=0.006). A variação dos escores finais entre as categorias do CID-10 não foi estatisticamente significativa para nenhum desfecho. De maneira geral, a maior prevalência de mulheres dentre os trabalhadores afastados, e a prevalência de doenças músculo-esqueléticas e depressão, ou a associação de ambas. A variável idade foi preditor de incapacidade (RM) e a variável tempo de afastamento foi preditora de incapacidade para o trabalho medida pelo MIF. Nenhuma das variáveis examinadas contribuiu para a mudança dos escores de depressão. De maneira geral, os resultados são consistentes com os achados descritos na literatura e, confirmam que diversos fatores contribuem para a incapacidade e depressão de trabalhadores com diagnóstico de doenças ocupacionais, tal como preconizado pelo modelo biopsicossocial. </subfield>
</datafield>
<datafield tag="260" ind1=" " ind2=" ">
<subfield code="b">Faculdade de Medicina, Universidade de São Paulo</subfield>
</datafield>
<dataField tag="260" ind1=" " ind2=" ">
<subfield code="c">2009-06-09 00:00:00</subfield>
</dataField>   <datafield tag="856" ind1=" " ind2=" ">
<subfield code="q">application/pdf</subfield>
</datafield>
<datafield tag="856" ind1="4" ind2="0">
<subfield code="u">https://www.revistas.usp.br/actafisiatrica/article/view/103171</subfield>
</datafield>  <datafield tag="786" ind1="0" ind2=" ">
<subfield code="n">Acta Fisiátrica; v. 16 n. 2 (2009)</subfield>
</datafield>  <datafield tag="546" ind1=" " ind2=" ">
<subfield code="a">por</subfield>
</datafield>   <datafield tag="540" ind1=" " ind2=" ">
<subfield code="a">Copyright (c) 2009 Acta Fisiátrica</subfield>
</datafield>
</record>
</metadata>
</record>