
<record>
<header>
<identifier>oai:revistas.usp.br:article/103176</identifier>
<datestamp>2019-11-22T21:56:48Z</datestamp>
<setSpec>actafisiatrica:Art.+Orig.</setSpec>
<setSpec>driver</setSpec>
</header>
<metadata>
<record xmlns="http://www.loc.gov/MARC21/slim" xmlns:xsi="http://www.w3.org/2001/XMLSchema-instance" xsi:schemaLocation="http://www.loc.gov/MARC21/slim http://www.loc.gov/standards/marcxml/schema/MARC21slim.xsd">
<leader>     nmb a2200000Iu 4500</leader>
<controlfield tag="008">"090609 2009                        eng  "</controlfield>
<datafield tag="022" ind1="#" ind2="#">
<subfield code="$a">2317-0190</subfield>
</datafield>
<datafield tag="022" ind1="#" ind2="#">
<subfield code="$a">0104-7795</subfield>
</datafield>
<datafield tag="042" ind1=" " ind2=" ">
<subfield code="a">dc</subfield>
</datafield>
<datafield tag="245" ind1="0" ind2="0">
<subfield code="a">Preditores de retorno ao trabalho em uma população de trabalhadores atendidos em um programa de reabilitação profissional</subfield>
</datafield>  <datafield tag="720" ind1="1" ind2=" ">
<subfield code="a">Sardá Junior, Jamir João</subfield>
<subfield code="u">Universidade do Vale do Itajaí – Univali</subfield></datafield>
<datafield tag="720" ind1="1" ind2=" ">
<subfield code="a">Kupek, Emil</subfield>
<subfield code="u">Universidade Federal de Santa Catarina</subfield></datafield>
<datafield tag="720" ind1="1" ind2=" ">
<subfield code="a">Cruz, Roberto Moraes</subfield>
<subfield code="u">Universidade Federal de Santa Catarina</subfield></datafield>
<datafield tag="720" ind1="1" ind2=" ">
<subfield code="a">Bartilotti, Carolina</subfield>
<subfield code="u">Universidade Federal de Santa Catarina</subfield></datafield>
<datafield tag="720" ind1="1" ind2=" ">
<subfield code="a">Cherem, Alfredo Jorge</subfield>
<subfield code="u">Universidade Federal de Santa Catarina</subfield></datafield>
<datafield tag="520" ind1=" " ind2=" ">
<subfield code="a"> A alta prevalência de doenças ocupacionais é um problema de saúde coletiva com um alto custo econômico e social. Existem evidências de que as doenças ocupacionais são determinadas por diversos fatores associados a organização do trabalho em si e a fatores psicossociais. Existem poucos serviços de reabilitação profissional e os resultados destas ações raramente são avaliados. O presente estudo examina a relação entre fatores clínicos, demográficos e psicossociais e retorno ao trabalho em uma população de 425 trabalhadores atendidos por um serviço de reabilitação profissional. Esta pesquisa é um estudo de corte-transversal, documental, realizado em uma amostra não-probabilística, com os dados oriundos dos prontuários destes trabalhadores atendidos entre novembro de 2007 a setembro de 2008, em um serviço de reabilitação profissional. Os dados foram analisados utilizando os programas estatísticos SPSS-14 e STATA. Para caracterizar a população foram utilizadas análises estatísticas descritivas (média, DP, I/C) e, para comparar os grupos e examinar a contribuição das variáveis biopsicossociais para retorno ao trabalho, foram utilizados os testes Qui-quadrado, teste t, ANOVA e regressão logística múltipla. Os resultados sugerem que não ocorreram diferenças significativas entre os trabalhadores atendidos que retornaram ao trabalho e os que não retornaram nas variáveis idade, gênero, intensidade da dor, local da dor e tempo de afastamento. Por outro lado, os fatores tempo de trabalho, salário, níveis de incapacidade e depressão contribuíram para o não retorno ao trabalho nesta população. Os resultados obtidos fazem sentido clinicamente e são importantes do ponto de vista preventivo e de tratamento, além de serem suportados pela literatura. </subfield>
</datafield>
<datafield tag="260" ind1=" " ind2=" ">
<subfield code="b">Faculdade de Medicina, Universidade de São Paulo</subfield>
</datafield>
<dataField tag="260" ind1=" " ind2=" ">
<subfield code="c">2009-06-09 00:00:00</subfield>
</dataField>   <datafield tag="856" ind1=" " ind2=" ">
<subfield code="q">application/pdf</subfield>
</datafield>
<datafield tag="856" ind1="4" ind2="0">
<subfield code="u">https://www.revistas.usp.br/actafisiatrica/article/view/103176</subfield>
</datafield>  <datafield tag="786" ind1="0" ind2=" ">
<subfield code="n">Acta Fisiátrica; v. 16 n. 2 (2009)</subfield>
</datafield>  <datafield tag="546" ind1=" " ind2=" ">
<subfield code="a">por</subfield>
</datafield>   <datafield tag="540" ind1=" " ind2=" ">
<subfield code="a">Copyright (c) 2009 Acta Fisiátrica</subfield>
</datafield>
</record>
</metadata>
</record>