
<record>
<header>
<identifier>oai:revistas.usp.br:article/103178</identifier>
<datestamp>2019-11-22T21:56:48Z</datestamp>
<setSpec>actafisiatrica:Art.+Orig.</setSpec>
<setSpec>driver</setSpec>
</header>
<metadata>
<record xmlns="http://www.loc.gov/MARC21/slim" xmlns:xsi="http://www.w3.org/2001/XMLSchema-instance" xsi:schemaLocation="http://www.loc.gov/MARC21/slim http://www.loc.gov/standards/marcxml/schema/MARC21slim.xsd">
<leader>     nmb a2200000Iu 4500</leader>
<controlfield tag="008">"090609 2009                        eng  "</controlfield>
<datafield tag="022" ind1="#" ind2="#">
<subfield code="$a">2317-0190</subfield>
</datafield>
<datafield tag="022" ind1="#" ind2="#">
<subfield code="$a">0104-7795</subfield>
</datafield>
<datafield tag="042" ind1=" " ind2=" ">
<subfield code="a">dc</subfield>
</datafield>
<datafield tag="245" ind1="0" ind2="0">
<subfield code="a">O uso da termografia infravermelha na avaliação do retorno ao trabalho em programa de reabilitação ampliado (PRA)</subfield>
</datafield>  <datafield tag="720" ind1="1" ind2=" ">
<subfield code="a">Brioschi, Marcos Leal</subfield>
<subfield code="u">Universidade de São Paulo. Faculdade de Medicina</subfield></datafield>
<datafield tag="720" ind1="1" ind2=" ">
<subfield code="a">Cherem, Alfredo Jorge</subfield>
</datafield>
<datafield tag="720" ind1="1" ind2=" ">
<subfield code="a">Ruiz, Roberto Carlos</subfield>
<subfield code="u">Universidade Estadual de Campinas</subfield></datafield>
<datafield tag="720" ind1="1" ind2=" ">
<subfield code="a">Sardá Júnior, Jamir João</subfield>
<subfield code="u">Universidade do Vale do Itajaí - Univali</subfield></datafield>
<datafield tag="720" ind1="1" ind2=" ">
<subfield code="a">Silva, Francisco Miguel Roberto Moraes</subfield>
<subfield code="u">Universidade Federal do Paraná</subfield></datafield>
<datafield tag="520" ind1=" " ind2=" ">
<subfield code="a"> Em certas ocasiões, mesmo com tratamento corretamente instituído em pacientes com lesões por esforços repetitivos/distúrbios osteomusculares relacionados ao trabalho (LER/DORT), depara-se com situações de difícil julgamento quanto ao retorno ao trabalho. Muitas vezes por uma queixa persistente de não melhora dos sintomas ou quando associado a outras comorbidades, como síndrome fibromiálgica. O objetivo deste estudo foi comparar os padrões térmicos encontrados com a avaliação pericial de retorno ao trabalho de pacientes acometidos por LER/DORT, por meio de avaliação clínica e termográfica duplo-cega. Foram avaliados 128 pacientes, acometidos por LER/DORT de uma empresa do setor da agroindústria- frigorífico, onde um grupo de 62 pacientes foi selecionado para perícia quanto ao retorno ao trabalho. Destes, 3,2% tiveram retorno imediato ao trabalho, 77,4% afastamento por 60 dias, 6,4%, afastamento por 6 meses e 12,9% aposentadoria por invalidez. As alterações térmicas tiveram direta correlação com a classificação de retorno às atividades realizadas pelos peritos, segundo critérios de número de lesões, natureza etiológica, diferencial térmico e índice termográfico para síndrome fibromiálgica. A termometria cutânea por termografia infravermelha demonstrou-se como método complementar útil e objetivo no apoio a avaliação pericial para definição de capacidade ou incapacidade para o trabalho. </subfield>
</datafield>
<datafield tag="260" ind1=" " ind2=" ">
<subfield code="b">Faculdade de Medicina, Universidade de São Paulo</subfield>
</datafield>
<dataField tag="260" ind1=" " ind2=" ">
<subfield code="c">2009-06-09 00:00:00</subfield>
</dataField>   <datafield tag="856" ind1=" " ind2=" ">
<subfield code="q">application/pdf</subfield>
</datafield>
<datafield tag="856" ind1="4" ind2="0">
<subfield code="u">https://www.revistas.usp.br/actafisiatrica/article/view/103178</subfield>
</datafield>  <datafield tag="786" ind1="0" ind2=" ">
<subfield code="n">Acta Fisiátrica; v. 16 n. 2 (2009)</subfield>
</datafield>  <datafield tag="546" ind1=" " ind2=" ">
<subfield code="a">por</subfield>
</datafield>   <datafield tag="540" ind1=" " ind2=" ">
<subfield code="a">Copyright (c) 2009 Acta Fisiátrica</subfield>
</datafield>
</record>
</metadata>
</record>