
<record>
<header>
<identifier>oai:revistas.usp.br:article/103180</identifier>
<datestamp>2019-11-22T21:56:48Z</datestamp>
<setSpec>actafisiatrica:Tend.+Refle.</setSpec>
<setSpec>driver</setSpec>
</header>
<metadata>
<record xmlns="http://www.loc.gov/MARC21/slim" xmlns:xsi="http://www.w3.org/2001/XMLSchema-instance" xsi:schemaLocation="http://www.loc.gov/MARC21/slim http://www.loc.gov/standards/marcxml/schema/MARC21slim.xsd">
<leader>     nmb a2200000Iu 4500</leader>
<controlfield tag="008">"090609 2009                        eng  "</controlfield>
<datafield tag="022" ind1="#" ind2="#">
<subfield code="$a">2317-0190</subfield>
</datafield>
<datafield tag="022" ind1="#" ind2="#">
<subfield code="$a">0104-7795</subfield>
</datafield>
<datafield tag="042" ind1=" " ind2=" ">
<subfield code="a">dc</subfield>
</datafield>
<datafield tag="245" ind1="0" ind2="0">
<subfield code="a">Perícia médica e reabilitação profissional: o atual modelo de perícia e uma proposta multidimensional aplicada em um projeto piloto em Santa Catarina</subfield>
</datafield>  <datafield tag="720" ind1="1" ind2=" ">
<subfield code="a">Cherem, Alfredo Jorge</subfield>
</datafield>
<datafield tag="720" ind1="1" ind2=" ">
<subfield code="a">Ruiz, Roberto Carlos</subfield>
<subfield code="u">Universidade Estadual de Campinas</subfield></datafield>
<datafield tag="720" ind1="1" ind2=" ">
<subfield code="a">Tramontim, Alessandre</subfield>
</datafield>
<datafield tag="720" ind1="1" ind2=" ">
<subfield code="a">Lino, Domingos</subfield>
<subfield code="u">Ministério da Previdência Social</subfield></datafield>
<datafield tag="520" ind1=" " ind2=" ">
<subfield code="a"> Este artigo aborda aspectos da prática atual da perícia médica na área de Reabilitação Profissional (RP) do Instituto Nacional do Seguro Social (INSS), bem como, descreve uma outra metodologia de trabalho aplicada em um projeto piloto coordenado pelo Ministério Público do Trabalho (MPT). Assim, pretende-se discutir as possibilidades de aperfeiçoamento deste serviço através da interação entre o médico perito e a equipe multiprofissional. O modelo apresentado proporciona avanços na qualidade da perícia com fins de reabilitação, contribuindo desta forma com a tomada de decisão baseada em evidências a partir de dados apresentados e discutidos em equipe. </subfield>
</datafield>
<datafield tag="260" ind1=" " ind2=" ">
<subfield code="b">Faculdade de Medicina, Universidade de São Paulo</subfield>
</datafield>
<dataField tag="260" ind1=" " ind2=" ">
<subfield code="c">2009-06-09 00:00:00</subfield>
</dataField>   <datafield tag="856" ind1=" " ind2=" ">
<subfield code="q">application/pdf</subfield>
</datafield>
<datafield tag="856" ind1="4" ind2="0">
<subfield code="u">https://www.revistas.usp.br/actafisiatrica/article/view/103180</subfield>
</datafield>  <datafield tag="786" ind1="0" ind2=" ">
<subfield code="n">Acta Fisiátrica; v. 16 n. 2 (2009)</subfield>
</datafield>  <datafield tag="546" ind1=" " ind2=" ">
<subfield code="a">por</subfield>
</datafield>   <datafield tag="540" ind1=" " ind2=" ">
<subfield code="a">Copyright (c) 2009 Acta Fisiátrica</subfield>
</datafield>
</record>
</metadata>
</record>