
<record>
<header>
<identifier>oai:revistas.usp.br:article/103184</identifier>
<datestamp>2019-10-18T16:47:20Z</datestamp>
<setSpec>actafisiatrica:Art.+Orig.</setSpec>
<setSpec>driver</setSpec>
</header>
<metadata>
<record xmlns="http://www.loc.gov/MARC21/slim" xmlns:xsi="http://www.w3.org/2001/XMLSchema-instance" xsi:schemaLocation="http://www.loc.gov/MARC21/slim http://www.loc.gov/standards/marcxml/schema/MARC21slim.xsd">
<leader>     nmb a2200000Iu 4500</leader>
<controlfield tag="008">"090909 2009                        eng  "</controlfield>
<datafield tag="022" ind1="#" ind2="#">
<subfield code="$a">2317-0190</subfield>
</datafield>
<datafield tag="022" ind1="#" ind2="#">
<subfield code="$a">0104-7795</subfield>
</datafield>
<datafield tag="042" ind1=" " ind2=" ">
<subfield code="a">dc</subfield>
</datafield>
<datafield tag="245" ind1="0" ind2="0">
<subfield code="a">Análise dos resultados de qualidade de vida em idosos praticantes de dança sênior através do SF-36</subfield>
</datafield>  <datafield tag="720" ind1="1" ind2=" ">
<subfield code="a">Oliveira, Luciane Criado de</subfield>
<subfield code="u">Hospital e Maternidade São Cristóvão</subfield></datafield>
<datafield tag="720" ind1="1" ind2=" ">
<subfield code="a">Pivoto, Ercília Aparecida</subfield>
<subfield code="u">Hospital e Maternidade São Cristóvão</subfield></datafield>
<datafield tag="720" ind1="1" ind2=" ">
<subfield code="a">Vianna, Patrícia Canteruccio Pontes</subfield>
<subfield code="u">Universidade de São Paulo. Faculdade de Medicina</subfield></datafield>
<datafield tag="520" ind1=" " ind2=" ">
<subfield code="a"> Avaliar o impacto da prática da Dança Sênior na saúde de idosos, através da aplicação do questionário de qualidade de vida SF-36. Foram selecionados 103 indivíduos com idade mínima de 60 anos e alfabetizados. Participaram da Dança Sênior durante quatro meses com freqüência semanal e duração de 60 minutos. O questionário foi aplicado no início e no final das participações. Através da análise estatística de probabilidade do teste não-paramétrico de Wilcoxon, observamos que há aumento significativo do score em todos os componentes avaliados pelo SF-36 (p &lt; 0,001) comparados os momentos inicial e final da participação da Dança Sênior. Baseado nos parâmetros avaliados pelo SF-36, concluímos que a Dança Sênior mostrou-se eficiente como possibilidade terapêutica na melhora da qualidade de vida dos idosos. </subfield>
</datafield>
<datafield tag="260" ind1=" " ind2=" ">
<subfield code="b">Faculdade de Medicina, Universidade de São Paulo</subfield>
</datafield>
<dataField tag="260" ind1=" " ind2=" ">
<subfield code="c">2009-09-09 00:00:00</subfield>
</dataField>   <datafield tag="856" ind1=" " ind2=" ">
<subfield code="q">application/pdf</subfield>
</datafield>
<datafield tag="856" ind1="4" ind2="0">
<subfield code="u">https://www.revistas.usp.br/actafisiatrica/article/view/103184</subfield>
</datafield>  <datafield tag="786" ind1="0" ind2=" ">
<subfield code="n">Acta Fisiátrica; v. 16 n. 3 (2009)</subfield>
</datafield>  <datafield tag="546" ind1=" " ind2=" ">
<subfield code="a">por</subfield>
</datafield>   <datafield tag="540" ind1=" " ind2=" ">
<subfield code="a">Copyright (c) 2009 Acta Fisiátrica</subfield>
</datafield>
</record>
</metadata>
</record>