
<record>
<header>
<identifier>oai:revistas.usp.br:article/103186</identifier>
<datestamp>2019-10-18T16:57:41Z</datestamp>
<setSpec>actafisiatrica:Art.+Orig.</setSpec>
<setSpec>driver</setSpec>
</header>
<metadata>
<record xmlns="http://www.loc.gov/MARC21/slim" xmlns:xsi="http://www.w3.org/2001/XMLSchema-instance" xsi:schemaLocation="http://www.loc.gov/MARC21/slim http://www.loc.gov/standards/marcxml/schema/MARC21slim.xsd">
<leader>     nmb a2200000Iu 4500</leader>
<controlfield tag="008">"090909 2009                        eng  "</controlfield>
<datafield tag="022" ind1="#" ind2="#">
<subfield code="$a">2317-0190</subfield>
</datafield>
<datafield tag="022" ind1="#" ind2="#">
<subfield code="$a">0104-7795</subfield>
</datafield>
<datafield tag="042" ind1=" " ind2=" ">
<subfield code="a">dc</subfield>
</datafield>
<datafield tag="245" ind1="0" ind2="0">
<subfield code="a">Comparação das estratégias musculares entre dois grupos etários diferentes no movimento de passar de sentado para em pé</subfield>
</datafield>  <datafield tag="720" ind1="1" ind2=" ">
<subfield code="a">Terena, Stella Maris Lins</subfield>
<subfield code="u">Universidade de São Paulo, Faculdade de Medicina</subfield></datafield>
<datafield tag="720" ind1="1" ind2=" ">
<subfield code="a">Taricco, Mario Augusto</subfield>
<subfield code="u">Universidade de São Paulo, Faculdade de Medicina</subfield></datafield>
<datafield tag="520" ind1=" " ind2=" ">
<subfield code="a"> Investigar a ordem de ativação dos músculos tibial anterior (TA), reto femoral (RF), gastrocnêmio medial (GM), bíceps femoral (BF) e paravertebral lombar (PL) no movimento de passar de sentado para em pé comparando dois grupos etários diferentes. Sujeitos: Grupo A: vinte sujeitos com idade entre 25 à 35 anos, saudáveis, e o Grupo B: vinte sujeitos com idade entre 60 à 65 anos, sem patologias neurológicas associadas e sem histórico de quedas nos últimos 6 meses. O Teste de Berg, um eletrogoniômetro bidimensional flexível foi usado para marcar o início do movimento articular, no quadril e joelho do mesmo lado. O tempo total do movimento no grupo A foi menor de olhos abertos do que de olhos fechados. O grupo B em relação às duas condições não houve diferença estatística no tempo total da execução da tarefa (p&lt; 0,05). A análise de variância de 1 fator foi usada para comparar a ordem de ativação muscular, e os resultados demonstraram que a ordem de ativação foi diferente no grupo A e no grupo B de olhos abertos e semelhante na condição de olhos fechados. O tibial anterior foi o primeiro músculo a ser ativado nos dois grupos e nas duas condições e os demais músculos tiveram ordem de ativação diferente; o tempo total de movimento foi menor no grupo A; a ausência momentânea da visão influenciou mais o grupo A do que o grupo B. </subfield>
</datafield>
<datafield tag="260" ind1=" " ind2=" ">
<subfield code="b">Faculdade de Medicina, Universidade de São Paulo</subfield>
</datafield>
<dataField tag="260" ind1=" " ind2=" ">
<subfield code="c">2009-09-09 00:00:00</subfield>
</dataField>   <datafield tag="856" ind1=" " ind2=" ">
<subfield code="q">application/pdf</subfield>
</datafield>
<datafield tag="856" ind1="4" ind2="0">
<subfield code="u">https://www.revistas.usp.br/actafisiatrica/article/view/103186</subfield>
</datafield>  <datafield tag="786" ind1="0" ind2=" ">
<subfield code="n">Acta Fisiátrica; v. 16 n. 3 (2009)</subfield>
</datafield>  <datafield tag="546" ind1=" " ind2=" ">
<subfield code="a">por</subfield>
</datafield>   <datafield tag="540" ind1=" " ind2=" ">
<subfield code="a">Copyright (c) 2009 Acta Fisiátrica</subfield>
</datafield>
</record>
</metadata>
</record>