
<record>
<header>
<identifier>oai:revistas.usp.br:article/103187</identifier>
<datestamp>2019-10-18T17:02:13Z</datestamp>
<setSpec>actafisiatrica:Art.+Orig.</setSpec>
<setSpec>driver</setSpec>
</header>
<metadata>
<record xmlns="http://www.loc.gov/MARC21/slim" xmlns:xsi="http://www.w3.org/2001/XMLSchema-instance" xsi:schemaLocation="http://www.loc.gov/MARC21/slim http://www.loc.gov/standards/marcxml/schema/MARC21slim.xsd">
<leader>     nmb a2200000Iu 4500</leader>
<controlfield tag="008">"090909 2009                        eng  "</controlfield>
<datafield tag="022" ind1="#" ind2="#">
<subfield code="$a">2317-0190</subfield>
</datafield>
<datafield tag="022" ind1="#" ind2="#">
<subfield code="$a">0104-7795</subfield>
</datafield>
<datafield tag="042" ind1=" " ind2=" ">
<subfield code="a">dc</subfield>
</datafield>
<datafield tag="245" ind1="0" ind2="0">
<subfield code="a">Desenvolvimento de recurso de animação como suporte informativo na incontinência urinária</subfield>
</datafield>  <datafield tag="720" ind1="1" ind2=" ">
<subfield code="a">Collares, Patrícia Moreira Costa</subfield>
<subfield code="u">Universidade de Fortaleza</subfield></datafield>
<datafield tag="720" ind1="1" ind2=" ">
<subfield code="a">Magalhães, Milena Sampaio</subfield>
<subfield code="u">Universidade de Fortaleza</subfield></datafield>
<datafield tag="720" ind1="1" ind2=" ">
<subfield code="a">Landim, Fátima Luna Pinheiro</subfield>
<subfield code="u">Universidade de Fortaleza</subfield></datafield>
<datafield tag="720" ind1="1" ind2=" ">
<subfield code="a">Mesquita, Rafael Barreto de</subfield>
<subfield code="u">Universidade Estadual de Londrina</subfield></datafield>
<datafield tag="720" ind1="1" ind2=" ">
<subfield code="a">Marques, Ana Karina Monte Cunha</subfield>
<subfield code="u">Faculdades Nordeste</subfield></datafield>
<datafield tag="520" ind1=" " ind2=" ">
<subfield code="a"> Esta pesquisa buscou descrever as etapas do desenvolvimento de um recurso de animação como suporte informativo no tratamento da incontinência urinária, culturalmente adaptado em termos de linguagem, características e necessidades de mulheres idosas. Realizou- se estudo descritivo em serviço de atenção à saúde secundária. Subgrupo determinado entre março e abril de 2007. Levantou-se através de formulário, na primeira fase do trabalho, dados sobre variáveis sociodemográficas e antecedentes pessoais relacionados à perda urinária. Para a segunda fase utilizou-se a técnica de associação livre de palavras buscando conhecer o vocabulário empírico adotado pelas participantes para anatomia dos órgãos genitais e assoalho pélvico. Simultaneamente, trabalhou-se junto ao G 1000 para elaboração da tecnologia com imagens animadas e associadas às expressões culturais. Destacam-se 8 mulheres com história de incontinência urinária, destas 04 corresponderam ao subgrupo. A idade variou de 63 a 78 anos. Observou-se número elevado de gestações e de partos vaginais, o tempo de perda urinária variou de 1 a 8 anos, sendo que os episódios semanais aconteciam diariamente. Obteve-se uma diversidade de expressões que auxiliaram o processo de elaboração do recurso com o G1000. O recurso de animação poderá contribuir como estratégia de abordagem clínica na incontinência urinária pelo profissional de saúde. </subfield>
</datafield>
<datafield tag="260" ind1=" " ind2=" ">
<subfield code="b">Faculdade de Medicina, Universidade de São Paulo</subfield>
</datafield>
<dataField tag="260" ind1=" " ind2=" ">
<subfield code="c">2009-09-09 00:00:00</subfield>
</dataField>   <datafield tag="856" ind1=" " ind2=" ">
<subfield code="q">application/pdf</subfield>
</datafield>
<datafield tag="856" ind1="4" ind2="0">
<subfield code="u">https://www.revistas.usp.br/actafisiatrica/article/view/103187</subfield>
</datafield>  <datafield tag="786" ind1="0" ind2=" ">
<subfield code="n">Acta Fisiátrica; v. 16 n. 3 (2009)</subfield>
</datafield>  <datafield tag="546" ind1=" " ind2=" ">
<subfield code="a">por</subfield>
</datafield>   <datafield tag="540" ind1=" " ind2=" ">
<subfield code="a">Copyright (c) 2009 Acta Fisiátrica</subfield>
</datafield>
</record>
</metadata>
</record>