
<record>
<header>
<identifier>oai:revistas.usp.br:article/103200</identifier>
<datestamp>2019-10-18T17:28:56Z</datestamp>
<setSpec>actafisiatrica:Art.+Orig.</setSpec>
<setSpec>driver</setSpec>
</header>
<metadata>
<record xmlns="http://www.loc.gov/MARC21/slim" xmlns:xsi="http://www.w3.org/2001/XMLSchema-instance" xsi:schemaLocation="http://www.loc.gov/MARC21/slim http://www.loc.gov/standards/marcxml/schema/MARC21slim.xsd">
<leader>     nmb a2200000Iu 4500</leader>
<controlfield tag="008">"090909 2009                        eng  "</controlfield>
<datafield tag="022" ind1="#" ind2="#">
<subfield code="$a">2317-0190</subfield>
</datafield>
<datafield tag="022" ind1="#" ind2="#">
<subfield code="$a">0104-7795</subfield>
</datafield>
<datafield tag="042" ind1=" " ind2=" ">
<subfield code="a">dc</subfield>
</datafield>
<datafield tag="245" ind1="0" ind2="0">
<subfield code="a">Efeito do peso para membros inferiores no equilíbrio estático e dinâmico nos portadores de ataxia</subfield>
</datafield>  <datafield tag="720" ind1="1" ind2=" ">
<subfield code="a">Dias, Márcio Luís</subfield>
<subfield code="u">Universidade Estadual de Campinas</subfield></datafield>
<datafield tag="720" ind1="1" ind2=" ">
<subfield code="a">Toti, Fernanda</subfield>
<subfield code="u">Universidade Estadual de Campinas</subfield></datafield>
<datafield tag="720" ind1="1" ind2=" ">
<subfield code="a">Almeida, Sara Regina Meira</subfield>
<subfield code="u">Universidade Estadual de Campinas</subfield></datafield>
<datafield tag="720" ind1="1" ind2=" ">
<subfield code="a">Oberg, Telma Dagmar</subfield>
<subfield code="u">Universidade Estadual de Campinas</subfield></datafield>
<datafield tag="520" ind1=" " ind2=" ">
<subfield code="a"> O objetivo da pesquisa foi avaliar o efeito do uso do peso em membros inferiores durante a marcha, nos indivíduos com ataxia. Acredita-se que o peso em membros inferiores traz benefícios na qualidade da marcha nos pacientes atáxicos, alterando a programação motora e conexões neurais cerebelares que são possíveis de alterações na aprendizagem motora. Divididos aleatoriamente, 21 indivíduos em 2 grupos: com peso (GP n=10) e sem peso (SP n=11). Todos realizaram 20 sessões de fisioterapia, avaliados antes (primeira avaliação), depois do tratamento (segunda) e após 30 dias (terceira), através das escalas de Equilíbrio de Berg, Dynamic Gait Index, Equiscale, International Cooperative Ataxia Rating Scale e Medida de Independência Funcional. Foi utilizada a análise ANOVA para medidas repetidas para comparar a evolução das variáveis ao longo do tempo, com nível de significância p≤ 0.05. Os indivíduos do GP conseguiram melhores resultados após o tratamento quanto ao equilíbrio, coordenação e independência funcional comparados ao SP, sendo estatisticamente significantes. O GP conseguiu manter o ganho da primeira para a terceira avaliação demonstrada por quase todas as escalas, exceto a DGI. O estudo comprovou a efetividade do peso, melhorando o equilíbrio estático e dinâmico, coordenação da marcha e independência funcional. </subfield>
</datafield>
<datafield tag="260" ind1=" " ind2=" ">
<subfield code="b">Faculdade de Medicina, Universidade de São Paulo</subfield>
</datafield>
<dataField tag="260" ind1=" " ind2=" ">
<subfield code="c">2009-09-09 00:00:00</subfield>
</dataField>   <datafield tag="856" ind1=" " ind2=" ">
<subfield code="q">application/pdf</subfield>
</datafield>
<datafield tag="856" ind1="4" ind2="0">
<subfield code="u">https://www.revistas.usp.br/actafisiatrica/article/view/103200</subfield>
</datafield>  <datafield tag="786" ind1="0" ind2=" ">
<subfield code="n">Acta Fisiátrica; v. 16 n. 3 (2009)</subfield>
</datafield>  <datafield tag="546" ind1=" " ind2=" ">
<subfield code="a">por</subfield>
</datafield>   <datafield tag="540" ind1=" " ind2=" ">
<subfield code="a">Copyright (c) 2009 Acta Fisiátrica</subfield>
</datafield>
</record>
</metadata>
</record>
<resumptionToken expirationDate="2023-08-08T14:50:05Z" completeListSize="935" cursor="300">fffde06838f5c258bca0f2b5a5401e96</resumptionToken>
</ListRecords>
</OAI-PMH> 